<record><leader>00000cas a22000007a 4500</leader><controlfield tag="001">18252493</controlfield><controlfield tag="008">880722d183718uupauwr ne      0    0eng d</controlfield><datafield ind1=" " ind2=" " tag="010"><subfield code="a">sn 88080836 </subfield></datafield><datafield ind1=" " ind2=" " tag="040"><subfield code="a">NPH</subfield><subfield code="b">eng</subfield><subfield code="c">NPH</subfield><subfield code="d">OCLCQ</subfield></datafield><datafield ind1=" " ind2=" " tag="042"><subfield code="a">msc</subfield></datafield><datafield ind1="0" ind2="0" tag="245"><subfield code="a">Village visiter and family entertainer.</subfield></datafield><datafield ind1=" " ind2=" " tag="260"><subfield code="a">Mechanicsburg, Pa. :</subfield><subfield code="b">A.F. Cox,</subfield><subfield code="c">1837-</subfield></datafield><datafield ind1=" " ind2=" " tag="300"><subfield code="a">v.</subfield></datafield><datafield ind1=" " ind2=" " tag="310"><subfield code="a">Weekly</subfield></datafield><datafield ind1="0" ind2=" " tag="362"><subfield code="a">Vol. 1, no. 14, (May 4, 1837)-</subfield></datafield><datafield ind1=" " ind2=" " tag="752"><subfield code="a">United States</subfield><subfield code="b">Pennsylvania</subfield><subfield code="c">Cumberland</subfield><subfield code="d">Mechanicsburg.</subfield></datafield><datafield ind1="0" ind2="0" tag="780"><subfield code="t">School visiter and family entertainer</subfield><subfield code="w">(DLC)sn 88080834</subfield></datafield></record>